@Misc{DRAFT:DHLLW,
    author    = "Patrick Derbez and
                 Phil Hebborn and
                 Virginie Lallemand and
                 Gregor Leander and
                 Friedrich Wiemer",
    title     = "Towards a full Automatization of Attacks -- Algorithms for Key Recovery",
    howpublished = "unpublished draft",
    year      = 2019,
}

@Misc{WEB:Rieck19,
    author    = "Konrad Rieck",
    title     = "Top-100 Crypto Papers",
    howpublished = "Available at \url{https://www.sec.cs.tu-bs.de/~konrieck/topnotch/crypto_top100.html}, visited 9th June 2019.",
}

@Misc{WEB:Teserakt19,
    author    = "{Aumasson et al.}",
    title     = "Cryptography in industrial embedded systems: our experience of the needs and constraints",
    howpublished = "Available at \url{https://blog.teserakt.io/2019/06/03/cryptography-in-industrial-embedded-systems-our-experience-of-the-needs-and-constraints/}, visited 9th June 2019.",
}

@Misc{EPRINT:GLRTW19,
    author    = "Lorenzo Grassi and
                 Gregor Leander and
                 Christian Rechberger and
                 Cihangir Tezcan and
                 Friedrich Wiemer",
    title     = "Weak-Key Subspace Trails and Applications to {AES}",
    year      = 2019,
    eprinttype= {iacr},
    eprint    = {2019/852},
}

@Misc{CKLLLQW19,
    author    = "Anne Canteaut and
                 Lukas K{\"o}lsch and
                 Chunlei Li and
                 Chao Li and
                 Kangquan Li and
                 Longjiang Qu and
                 Friedrich Wiemer",
    title     = "On the Differential-Linear Connectivity Table of Vectorial Boolean Functions",
    year      = 2019,
    howpublished="Submitted to {IEEE} Transactions on Information Theory",
}

@misc{ARXIV:LLLQ19,
    title     = {On the Differential Linear Connectivity Table of Vectorial Boolean Functions},
    author    = {Kangquan Li and Chunlei Li and Chao Li and Longjiang Qu},
    year      = 2019,
    eprint    = {1907.05986},
    archivePrefix={arXiv},
    primaryClass={cs.IT},
}

@Misc{EPRINT:CanKolWie19,
    author    = "Anne Canteaut and
                 Lukas K{\"o}lsch and
                 Friedrich Wiemer",
    title     = "Observations on the {DLCT} and Absolute Indicators",
    year      = 2019,
    eprinttype= {iacr},
    eprint    = {2019/848},
}

@Misc{EPRINT:CLLNW18,
    author    = "Anne Canteaut and
                 Virginie Lallemand and
                 Gregor Leander and
                 Patrick Neumann and
                 Friedrich Wiemer",
    title     = "{\textsc{Bison}} -- Instantiating the Whitened Swap-Or-Not Construction (Full Version)",
    year      = 2018,
    eprinttype= {iacr},
    eprint    = {2018/1011},
}

@Misc{USPatent:Feistel71,
    author    = "Horst Feistel",
    title     = "Block Cipher Cryptographic System",
    year      = 1971,
    month     = jun,
    howpublished = "US Patent 3,798,359",
}

@InProceedings{IWSEC:BanFunIso19,
    author    = "Subhadeep Banik and
                 Yuki Funabiki and
                 Takanori Isobe",
    title     = "More results on Shortest Linear Programs",
    booktitle = "IWSEC~2019",
    month     = aug,
    publisher = "Springer",
    series    = "LNCS",
    year      = 2019,
    eprinttype= {iacr},
    eprint    = {2019/856},
}

@Misc{LWC:Saturnin,
    title     = {Saturnin: a suite of lightweight symmetric algorithms for post-quantum security},
    author    = {Anne Canteaut and
                 S{\'e}bastien Duval and
                 Ga{\"e}tan Leurent and
                 Mar{\'i}a Naya-Plasencia and
                 L{\'e}o Perrin and
                 Thomas Pornin and
                 Andr{\'e} Schrottenloher},
    year      = 2019,
    howpublished = {Submitted to NIST LWC},
}

@Misc{LWC:Spook,
    title     = {Spook: Sponge-Based Leakage-Resilient Authenticated Encryption with a Masked Tweakable Block Cipher},
    author    = {Bellizia, Davide and
                 Berti, Francesco and
                 Bronchain, Olivier and
                 Cassiers, Ga{\"e}tan and
                 Duval, S{\'e}bastien and
                 Guo, Chun and
                 Leander, Gregor and
                 Leurent, Ga{\"e}tan and
                 Levi, Itamar and
                 Momin, Charles and
                 Pereira, Olivier and
                 Peters, Thomas and
                 Standaert, Fran{\c{c}}ois-Xavier and
                 Wiemer, Friedrich},
    year      = 2019,
    howpublished = {Submitted to NIST LWC},
}

@Misc{SAGE:14549,
    key       = {\#14549},
    shorthand = {\#14549},
    title     = {Memory leak in algebraic\_immunity of BooleanFunction class},
    author    = {Friedrich Wiemer},
    year      = 2017,
    howpublished = {\href{https://trac.sagemath.org/ticket/14549}{\#14549}},
}

@Misc{SAGE:21252,
    key       = {\#21252},
    shorthand = {\#21252},
    title     = {Computing nonlinear invariants in mq.SBox},
    author    = {Rusydi H. Makarim and
                 Friedrich Wiemer},
    year      = 2019,
    howpublished = {\href{https://trac.sagemath.org/ticket/21252}{\#21252}},
}

@Misc{SAGE:22453,
    key       = {\#22453},
    shorthand = {\#22453},
    title     = {A mistake in the mq.Sbox.polynomials},
    author    = {Friedrich Wiemer},
    year      = 2018,
    howpublished = {\href{https://trac.sagemath.org/ticket/22453}{\#22453}},
}

@Misc{SAGE:22986,
    key       = {\#22986},
    shorthand = {\#22986},
    title     = {Refactor SBox code (move from crypto.mq to crypto)},
    author    = {Friedrich Wiemer},
    year      = 2017,
    howpublished = {\href{https://trac.sagemath.org/ticket/22986}{\#22986}},
}

@Misc{SAGE:22988,
    key       = {\#22988},
    shorthand = {\#22988},
    title     = {Add SBox instances},
    author    = {Friedrich Wiemer},
    year      = 2017,
    howpublished = {\href{https://trac.sagemath.org/ticket/22988}{\#22988}},
}

@Misc{SAGE:23830,
    key       = {\#23830},
    shorthand = {\#23830},
    title     = {Add SBox instances: DBlock Cipher},
    author    = {Friedrich Wiemer},
    year      = 2017,
    howpublished = {\href{https://trac.sagemath.org/ticket/23830}{\#23830}},
}

@Misc{SAGE:24566,
    key       = {\#24566},
    shorthand = {\#24566},
    title     = {BooleanFunction evaluated on Integer computes IndexError wrongly},
    author    = {Friedrich Wiemer},
    year      = 2018,
    howpublished = {\href{https://trac.sagemath.org/ticket/24566}{\#24566}},
}

@Misc{SAGE:24819,
    key       = {\#24819},
    shorthand = {\#24819},
    title     = {sbox linear approximation matrix scaling},
    author    = {Friedrich Wiemer},
    year      = 2018,
    howpublished = {\href{https://trac.sagemath.org/ticket/24819}{\#24819}},
}

@Misc{SAGE:24872,
    key       = {\#24873},
    shorthand = {\#24873},
    title     = {Implement algebraic\_de\-gree() for Boolean functions},
    author    = {Rusydi H. Makarim and
                 Friedrich Wiemer},
    year      = 2018,
    howpublished = {\href{https://trac.sagemath.org/ticket/24872}{\#24872}},
}

@Misc{SAGE:25516,
    key       = {\#25516},
    shorthand = {\#25516},
    title     = {Huge delay introduced in SBox nonlinearity},
    author    = {Friedrich Wiemer},
    year      = 2018,
    howpublished = {\href{https://trac.sagemath.org/ticket/25516}{\#25516}},
}

@Misc{SAGE:25633,
    key       = {\#25633},
    shorthand = {\#25633},
    title     = {Speed up SBox module},
    author    = {Friedrich Wiemer},
    year      = 2018,
    howpublished = {\href{https://trac.sagemath.org/ticket/25633}{\#25633}},
}

@Misc{SAGE:25708,
    key       = {\#25708},
    shorthand = {\#25708},
    title     = {Rename SBox methods for difference\_dis\-tri\-bu\-tion\_ma\-trix and similar to \_table},
    author    = {Friedrich Wiemer},
    year      = 2018,
    howpublished = {\href{https://trac.sagemath.org/ticket/25708}{\#25708}},
}

@Misc{SAGE:25733,
    key       = {\#25733},
    shorthand = {\#25733},
    title     = {Speed up SBox.boomerang\_connectivity\_matrix},
    author    = {Friedrich Wiemer},
    year      = 2018,
    howpublished = {\href{https://trac.sagemath.org/ticket/25733}{\#25733}},
}

@Misc{SAGE:25735,
    key       = {\#25735},
    shorthand = {\#25735},
    title     = {Crypto Linear Layer Module},
    author    = {Friedrich Wiemer},
    year      = 2019,
    howpublished = {\href{https://trac.sagemath.org/ticket/25735}{\#25735}},
}

@Misc{SAGE:25739,
    key       = {\#25739},
    shorthand = {\#25739},
    title     = {sig\_check in boolean\_function cython code},
    author    = {Friedrich Wiemer and
                 Jean-Pierre Flori},
    year      = 2018,
    howpublished = {\href{https://trac.sagemath.org/ticket/25735}{\#25735}},
}

@Misc{SAGE:25744,
    key       = {\#25744},
    shorthand = {\#25744},
    title     = {construct sbox from univariate polynomial},
    author    = {Friedrich Wiemer},
    year      = 2018,
    howpublished = {\href{https://trac.sagemath.org/ticket/25744}{\#25744}},
}

@Misc{SAGE:25765,
    key       = {\#25765},
    shorthand = {\#25765},
    title     = {Add some more SBox constructions},
    author    = {Friedrich Wiemer},
    year      = 2018,
    howpublished = {\href{https://trac.sagemath.org/ticket/25765}{\#25765}},
}

@Misc{SAGE:25766,
    key       = {\#25766},
    shorthand = {\#25766},
    title     = {SBox.boomerang\_uniformity},
    author    = {Friedrich Wiemer},
    year      = 2018,
    howpublished = {\href{https://trac.sagemath.org/ticket/25766}{\#25766}},
}

@Misc{SAGE:26009,
    key       = {\#26009},
    shorthand = {\#26009},
    title     = {Add derivative method for SBox},
    author    = {Friedrich Wiemer},
    year      = 2019,
    howpublished = {\href{https://trac.sagemath.org/ticket/26009}{\#26009}},
}

@Misc{SAGE:28001,
    key       = {\#28001},
    shorthand = {\#28001},
    title     = {Rename BooleanFunction.absolut\_indicator to .absolute\_{\linebreak[3]{}}indicator},
    author    = {Friedrich Wiemer},
    year      = 2019,
    howpublished = {\href{https://trac.sagemath.org/ticket/28001}{\#28001}},
}

@Misc{shannon45,
    title     = {A Mathematical Theory of Cryptography},
    author    = {Claude E. Shannon},
    year      = 1945,
    howpublished = {Available at the IACR's \href{https://www.iacr.org/museum/shannon/shannon45.pdf}{webpage}},
}

@PhDThesis{PhD:Daemen95,
    title     = {{Cipher and Hash Function Design Strategies based on linear and differential cryptanalysis}},
    author    = {Daemen, Joan},
    school    = {Katholieke Universiteit Leuven},
    year      = 1995,
    month     = mar,
}

@PhDThesis{PhD:DeCanniere07,
    title     = {Analysis and design of symmetric encryption algorithms},
    author    = {Christophe De Canni{\`e}re},
    school    = {Katholieke Universiteit Leuven},
    year      = 2007,
}

@PhDThesis{PhD:Langford95,
    title     = {Differential-Linear Cryptanalysis and Threshold Signatures},
    author    = {Susan K. Langford},
    school    = {Stanford University},
    year      = 1995,
}

@PhDThesis{PhD:Poschmann09,
    title     = {Lightweight Cryptography: Cryptographic Engineering for a Pervasive World},
    author    = {Axel York Poschmann},
    school    = {Ruhr-Universit{\"a}t Bochum},
    year      = 2009,
    eprinttype= {iacr},
    eprint    = {2009/516},
}

@PhDThesis{PhD:Perrin17,
    title     = {Cryptanalysis, Reverse-Engineering and Design of Symmetric Cryptographic Algorithms},
    author    = {Perrin, L{\'e}o Paul},
    school    = {University of Luxembourg},
    year      = 2017,
    note      = "Available at \url{http://orbilu.uni.lu/bitstream/10993/31195/1/thesis.pdf}",
}

@InCollection{FF:BDMQW10,
    author    = {Browning, KA and
                 Dillon, John F. and
                 McQuistan, MT and
                 Wolfe, AJ},
    title     = {An {APN} permutation in dimension six},
    booktitle = {Finite Fields: Theory and Applications},
    publisher = {Amer. Math. Soc., Providence, RI},
    volume    = 518,
    pages     = {33--42},
    year      = 2010,
    doi       = {10.1090/conm/518/10194},
}

@article{FFA:CanChaKyu08,
    author = {Anne Canteaut and Pascale Charpin and Gohar M. Kyureghyan},
    title = {A new class of monomial bent functions},
    journal = "Finite Fields and Their Applications",
    volume = 14,
    number = 1,
    pages = "221--241",
    year = 2008,
    issn = "1071-5797",
    doi = {10.1016/j.ffa.2007.02.004},
}

@InProceedings{FSE:BouCanDeC11,
  author =       "Christina Boura and
                  Anne Canteaut and
                  Christophe {De Canni{\`e}re}",
  title =        "Higher-order differential properties of {Keccak} and {Luffa}",
  editor =       fse11ed,
  booktitle =    fse11name,
  volume =       fse11vol,
  address =      fse11addr,
  month =        fse11month,
  publisher =    fsepub,
  series =       mylncs,
  year =         2011,
}

@Misc{C:Vaudenay12rump,
    author = {Serge Vaudenay},
    title = {The End of Encryption based on Card Shuffling},
    howpublished = {{CRYPTO} 2012 Rump Session},
    year = 2012,
    note={Available at \href{https://crypto.2012.rump.cr.yp.to/9f3046f7f8235f99aabca5d4ad7946b2.pdf}{crypto.2012.rump.cr.yp.to}}
}

@Misc{EPRINT:dlct19,
    author    = {Achiya Bar-On and
                 Orr Dunkelman and
                 Nathan Keller and
                 Ariel Weizmann},
    title     = {{DLCT}: A New Tool for Differential-Linear Cryptanalysis},
    year      = 2019,
    howpublished = "To appear at Eurocrypt 2019; Preprint available as Cryptology ePrint Archive, Report 2019/256",
    note      = "\url{https://ia.cr/2019/256}",
}

@inbook{BMM:Carlet10a,
    author = {Carlet, Claude},
    title = {Boolean Functions for Cryptography and Error-Correcting Codes},
    editor = {Crama, Yves and
              Hammer, Peter L.},
    booktitle = {Boolean Models and Methods in Mathematics, Computer Science, and Engineering},
    publisher = {Cambridge University Press},
    year = 2010,
    pages = {257--397},
    doi = {10.1017/CBO9780511780448.011},
}

@inbook{BMM:Carlet10b,
    author = {Carlet, Claude},
    title = {Vectorial Boolean Functions for Cryptography},
    editor = {Crama, Yves and
              Hammer, Peter L.},
    booktitle = {Boolean Models and Methods in Mathematics, Computer Science, and Engineering},
    publisher = {Cambridge University Press},
    year = 2010,
    pages = {398--469},
    doi = {10.1017/CBO9780511780448.011},
}

@article{EJC:BenFon98,
  author    = {T. D. Bending and
               Dmitry Fon{-}Der{-}Flaass},
  title     = {Crooked Functions, Bent Functions, and Distance Regular Graphs},
  journal   = {Electr. J. Comb.},
  volume    = 5,
  year      = 1998,
}

@Article{JUCS:ZhaZhe96,
    author = {Zhang, Xian-Mo and
              Zheng, Yuliang},
    title = {{GAC} --- the Criterion for Global Avalanche Characteristics of Cryptographic Functions},
    editor = {Maurer, Hermann and
              Calude, Cristian and
              Salomaa, Arto},
    bookTitle = {J.UCS The Journal of Universal Computer Science},
    publisher = {Springer Berlin Heidelberg},
    year = 1996,
    pages = {320--337},
    doi = {10.1007/978-3-642-80350-5_30},
}

@Article{DAM:Kavut16,
    author    = "Sel{\c{c}}uk Kavut",
    title     = "Correction to the paper: Patterson-Wiedemann construction revisited",
    journal   = "Discrete Applied Mathematics",
    volume    = 202,
    pages     = "185--187",
    year      = 2016,
    issn      = "0166-218X",
    doi       = "10.1016/j.dam.2015.07.044",
}

@Article{DCC:KavMaiTan19,
  author    = {Sel{\c{c}}uk Kavut and
               Subhamoy Maitra and
               Deng Tang},
  title     = {Construction and search of balanced Boolean functions on even number
               of variables towards excellent autocorrelation profile},
  journal   = {Designs, Codes and Cryptogrography},
  volume    = 87,
  number    = {2--3},
  pages     = {261--276},
  year      = 2019,
  doi       = {10.1007/s10623-018-0522-1},
}

@article{DCC:LiWan19,
    author    = {Li, Yanbin and
                 Wang, Meiqin},
    title     = {Cryptanalysis of {MORUS}},
    journal   = {Designs, Codes and Cryptography},
    year      = 2019,
    month     = may,
    volume    = 87,
    issue     = 5,
    pages     = "1035--1058",
    issn      = {1573-7586},
    doi       = {10.1007/s10623-018-0501-6},
}

@Article{DCC:BloNyb17,
    author    = {C{\'e}line Blondeau and
                 Kaisa Nyberg},
    title     = {Joint Data and Key Distribution of Simple, Multiple, and Multidimensional Linear Cryptanalysis Test Statistic and Its Impact to Data Complexity},
    journal   = {Designs, Codes and Cryptography},
    year      = {2017},
    volume    = 82,
    number    = 1,
    pages     = {319--349},
    doi       = {10.1007/s10623-016-0268-6}
}

@Article{DCC:WanJin17,
    author    = {Qian Wang and
                 Chenhui Jin},
    title     = {Upper bound of the length of truncated impossible differentials for {AES}},
    journal   = {Designs, Codes and Cryptography},
    year      = 2017,
    doi       = {10.1007/s10623-017-0411-z},
}

@Article{DCC:Lu15,
    author    = {Jiqiang Lu},
    title     = {A methodology for differential-linear cryptanalysis and its applications},
    journal   = {Designs, Codes and Cryptography},
    year      = 2015,
    volume    = 77,
    number    = 1,
    pages     = {11--48},
    issn      = {1573-7586},
    doi       = {10.1007/s10623-014-9985-x},
}

@Article{DCC:BogRij14,
    author    = "Bogdanov, Andrey and
                 Rijmen, Vincent",
    title     = "Linear hulls with correlation zero and linear cryptanalysis of block ciphers",
    journal   = "Designs, Codes and Cryptography",
    year      = 2014,
    volume    = 70,
    number    = 3,
    pages     = "369--383",
}

@Article{DCC:SDMO12,
    author    = "Sajadieh, Mahdi and
                 Dakhilalian, Mohammad and
                 Mala, Hamid and
                 Omoomi, Behnaz",
    title     = "On construction of involutory {MDS} matrices from Vandermonde Matrices in {$\text{GF}(2^q)$}",
    journal   = "Designs, Codes and Cryptography",
    year      = 2012,
    month     = sep,
    volume    = 64,
    number    = 3,
    pages     = "287--308",
    issn      = "1573-7586",
    doi       = "10.1007/s10623-011-9578-x"
}

@Article{DCC:BNNRT10,
    author    = {Paulo S. L. M. Barreto and
                 Ventzislav Nikov and
                 Svetla Nikova and
                 Vincent Rijmen and
                 Elmar Tischhauser},
    title     = {Whirlwind: a new cryptographic hash function},
    journal   = {Designs, Codes and Cryptography},
    volume    = 56,
    number    = {2--3},
    pages     = {141--162},
    year      = 2010,
    doi       = {10.1007/s10623-010-9391-y},
}

@Article{DCC:ZhaZheIma00,
    author    = {Xian{-}Mo Zhang and
                 Yuliang Zheng and
                 Hideki Imai},
    title     = {Relating Differential Distribution Tables to Other Properties of of
                 Substitution Boxes},
    journal   = {Designs, Codes and Cryptography},
    volume    = 19,
    number    = 1,
    pages     = {45--63},
    year      = 2000,
    issn      = {1573-7586},
    doi       = {10.1023/A:1008359713877},
}

@Article{DCC:Dillon99,
    author    = {John F. Dillon},
    title     = {Multiplicative Difference Sets via Additive Characters},
    journal   = {Designs, Codes and Cryptography},
    year      = 1999,
    month     = sep,
    volume    = 17,
    number    = 1,
    pages     = {225--235},
    issn      = {1573-7586},
    doi       = {10.1023/A:1026435428030},
}

@article{DCC:CarChaZin98,
  author    = {Claude Carlet and
               Pascale Charpin and
               Victor A. Zinoviev},
  title     = {Codes, Bent Functions and Permutations Suitable For {DES}-like Cryptosystems},
  journal   = {Designs, Codes and Cryptography},
  volume    = 15,
  number    = 2,
  pages     = {125--156},
  year      = 1998,
  doi       = {10.1023/A:1008344232130},
}


@Article{DCC:Adams97,
    author    = {Carlisle M. Adams},
    title     = {Constructing Symmetric Ciphers Using the {CAST} Design Procedure},
    journal   = {Designs, Codes and Cryptography},
    volume    = 12,
    number    = 3,
    pages     = {283--316},
    year      = 1997,
    doi       = {10.1023/A:1008229029587},
}

@Article{DM:GanKesMai06,
    author    = {Sugata Gangopadhyay and
                 Pradipkumar H. Keskar and
                 Subhamoy Maitra},
    title     = {Patterson-Wiedemann construction revisited},
    journal   = {Discrete Mathematics},
    volume    = 306,
    number    = 14,
    pages     = {1540--1556},
    year      = 2006,
    doi       = {10.1016/j.disc.2005.06.033},
}

@Article{DM:McE72,
  author    = {Robert J. McEliece},
  title     = {Weight congruences for p-ary cyclic codes},
  journal   = {Discrete Mathematics},
  volume    = 3,
  number    = {1--3},
  pages     = {177--192},
  year      = 1972,
  doi       = {10.1016/0012-365X(72)90032-5},
}

@Misc{FIPS:AES,
    key       = {AES},
    shorthand = {AES},
    title     = "{Advanced} {Encryption} {Standard} ({AES})",
    year      = 2001,
    month     = nov,
    organization = "National Institute of Standards and Technology (NIST),
                    {FIPS PUB} 197",
}

@Misc{FIPS:SHA3,
    key       = {SHA3},
    shorthand = {SHA3},
    title     = "{SHA}-3 Standard: Permutation-Based Hash and Extendable-Output Functions",
    year      = 2015,
    month     = aug,
    doi       = {10.6028/NIST.FIPS.202},
    organization = "National Institute of Standards and Technology (NIST),
                    {FIPS PUB} 202",
}

@Misc{FED:kuznyechik,
    key       = {GOST15},
    shorthand = "GOST15",
    title     = "(GOST R 34.12-2015) Information Technology -- Cryptographic Data Security -- Block Ciphers",
    year      = 2015,
    organization = "Federal Agency on Technical Regulation and Metrology (GOST)",
}


@InBook{Biryukov2005,
    author    = "Biryukov, Alex",
    title     = "Miss-in-the-Middle Attack",
    editor    = "van Tilborg, Henk C. A.",
    bookTitle = "Encyclopedia of Cryptography and Security",
    year      = 2005,
    publisher = "Springer US",
    pages     = "383--383",
    isbn      = "978-0-387-23483-0",
    doi       = "10.1007/0-387-23483-7_256",
}

@InCollection{DaeGovVan93,
    author    = {Daemen, Joan and
                 Govaerts, Ren{\'e} and
                 Vandewalle, Joos},
    title     = {Block ciphers based on Modular Arithmetic},
    editor    = {W. Wolfowicz},
    booktitle = {State and Progress in the Research of Cryptography},
    year      = 1993,
    publisher = {Fondazione Ugo Bordoni},
    pages     = {80--89},
}

@InProceedings{CARDIS:DaeRij98,
    author    = {Joan Daemen and
                 Vincent Rijmen},
    title     = {The Block Cipher Rijndael},
    booktitle = {{CARDIS}'98},
    series    = {LNCS},
    volume    = 1820,
    pages     = {277--284},
    publisher = {Springer},
    doi       = {10.1007/10721064_26},
    year      = 1998,
}

@Article{Rothaus76,
    title     = {On `bent' functions},
    author    = {Rothaus, Oscar S},
    journal   = {Journal of Combinatorial Theory, Series A},
    volume    = 20,
    publisher = {Elsevier},
    number    = 3,
    pages     = {300--305},
    year      = 1976,
}

@InProceedings{AES:Gilbert00,
    title     = {A Collision Attack on 7 Rounds of Rijndael},
    author    = {Gilbert, Henri and Minier, Marine},
    booktitle = {AES Candidate Conference},
    volume    = 230,
    pages     = 241,
    year      = 2000,
}

@inproceedings{STACS:Vaudenay98,
    author    = {Serge Vaudenay},
    title     = {Provable Security for Block Ciphers by Decorrelation},
    booktitle = {{STACS}'98},
    series    = {LNCS},
    volume    = 1373,
    pages     = {249--275},
    publisher = {Springer},
    doi       = {10.1007/BFb0028566},
    year      = 1998,
}


@Article{dillon1972survey,
    title     = {A survey of bent functions},
    author    = {Dillon, John F},
    journal   = {The {NSA} technical journal},
    volume    = 191,
    pages     = 215,
    year      = 1972,
}

@Article{IETIS:KelSui07,
    author    = {Liam Keliher and
                 Jiayuan Sui},
    title     = {Exact maximum expected differential and linear probability for two-round
                 Advanced Encryption Standard},
    journal   = {{IET} Information Security},
    volume    = 1,
    number    = 2,
    pages     = {53--57},
    year      = 2007,
    doi       = {10.1049/iet-ifs:20060161},
}

@InProceedings{LIGHTSEC:TezcOez14,
    author    = {Cihangir Tezcan and
                 Ferruh {\"O}zbudak},
    title     = {Differential Factors: Improved Attacks on {SERPENT}},
    editor    = {Thomas Eisenbarth and
                 Erdin{\c{c}} {\"O}zt{\"u}rk},
    booktitle = {{LightSec} 2014},
    series    = {LNCS},
    volume    = 8898,
    pages     = {69--84},
    publisher = {Springer},
    year      = 2014,
    doi       = {10.1007/978-3-319-16363-5\_5},
}

@InProceedings{LIGHTSEC:MakTez14,
    author    = {Rusydi H. Makarim and
                 Cihangir Tezcan},
    editor    = {Thomas Eisenbarth and
                 Erdin{\c{c}} {\"O}zt{\"u}rk},
    title     = {Relating Undisturbed Bits to Other Properties of Substitution Boxes},
    booktitle = {{LightSec} 2014},
    series    = {LNCS},
    volume    = 8898,
    pages     = {109--125},
    publisher = {Springer},
    year      = 2014,
    doi       = {10.1007/978-3-319-16363-5_7},
}

@Article{JMC:DR07,
    author    = {Joan Daemen and
                 Vincent Rijmen},
    title     = {{Probability distributions of correlation and differentials in block
                 ciphers}},
    journal   = {Journal of Mathematical Cryptology},
    volume    = 1,
    number    = 3,
    pages     = {221--242},
    year      = 2007,
    doi       = {10.1515/JMC.2007.011},
}

@book{meyermatyas,
    author    = {Carl H. Meyer and
                 Stephen M. Matyas},
    title     = {Cryptography: A New Dimension In Computer Data Security},
    subtitle  = {A Guide for the Design and Implementation of Secure Systems},
    publisher = {John Wiley \& Sons},
    year      = 1982,
    isbn      = {0-471-04892-5},
}

@book{katzlindell,
    author    = {Jonathan Katz and
                 Yehuda Lindell},
    title     = {Introduction to Modern Cryptography},
    series    = {Cryptography and Network Security},
    publisher = {CRC},
    year      = 2008,
    isbn      = {1-58488-551-3},
}

@Book{rijndael_book,
    author    = {Joan Daemen and
                 Vincent Rijmen},
    title     = {{The Design of Rijndael: {AES} - The Advanced Encryption Standard}},
    series    = {Information Security and Cryptography},
    publisher = {Springer},
    year      = 2002,
    isbn      = {3-540-42580-2},
    doi       = {10.1007/978-3-662-04722-4},
}

@Book{grafarend2006linear,
    author    = {Grafarend, Erik W},
    title     = {{Linear and Nonlinear Models: Fixed Effects, Random Effects, and Mixed Models}},
    publisher = {Walter de Gruyter},
    year      = 2006,
    isbn      = {3-110-16216-4},
}

@Book{tokareva15,
    author    = {Natalia Tokareva},
    title     = {Bent Functions},
    subtitle  = {Results and Applications to Cryptography},
    publisher = {Elsevier},
    year      = 2015,
    isbn      = {978-0-12-802318-1},
}

@Article{kerckhoffs83,
    author    = {Auguste Kerckhoffs},
    title     = {La cryptographie militaire},
    journal   = {Journal des sciences militaires},
    volume    = 9,
    pages     = {161--191},
    year      = 1883,
    month     = jan,
    howpublished = {Available at \url{https://www.petitcolas.net/kerckhoffs/crypto_militaire_1_b.pdf}},
}

@Article{DAM:Nyberg01,
    author    = {Kaisa Nyberg},
    title     = {Correlation theorems in cryptanalysis},
    journal   = {Discrete Applied Mathematics},
    volume    = 111,
    number    = {1-2},
    pages     = {177--188},
    year      = 2001,
    doi       = {10.1016/S0166-218X(00)00351-6},
}

@Misc{SAC:Nyberg15,
    author    = {Kaisa Nyberg},
    title     = {{Linear Cryptanalysis (Lecture Notes)}},
    howpublished = {SAC 2015 Summer School.
                    Available at \url{http://mta.ca/sac2015/S3-linear-all.pdf}},
    month     = aug,
    year      = 2015,
}

@Book{lidl_niederreiter,
    author    = {Rudolf Lidl and
                 Harald Niederreiter},
    title     = {Finite Fields},
    isbn      = {9780521392310},
    series    = {EBL-Schweitzer},
    year      = 1997,
    publisher = {Cambridge University Press},
}

@Misc{AES:twofish,
    author    = {Bruce Schneier and
                 John Kelsey and
                 Doug Whiting and
                 David Wagner and
                 Chris Hall and
                 Niels Ferguson},
    title     = {Twofish: A 128-Bit Block Cipher},
    booktitle = {First Advanced Encryption Standard (AES) Conference},
    year      = 1998,
}

@Misc{NESSIE:anubis,
    author    = "Paulo Barreto and
                 Vincent Rijmen",
    title     = "The {ANUBIS} Block Cipher",
    howpublished = "First Open NESSIE Workshop"
}

@Misc{NESSIE:khazad,
    author    = "Paulo Barreto and
                 Vincent Rijmen",
    title     = "The {Khazad} legacy-level Block Cipher",
    howpublished = "First Open NESSIE Workshop",
}

@Misc{NESSIE:whirlpool,
    author    = "Paulo Barreto and
                 Vincent Rijmen",
    title     = "The \textsc{Whirlpool} Hashing Function",
    howpublished = "First Open NESSIE Workshop",
}

@misc{CAESAR:joltik,
    author    = {J{\'e}r{\'e}my Jean and
                 Ivica Nikoli{\'c} and
                 Thomas Peyrin},
    title     = "Joltik",
    year      = 2014,
    howpublished = "Submission to the CAESAR competition",
}

@Misc{CAESAR:primates,
    author    = {Elena Andreeva and
                 Beg{\"u}l Bilgin and
                 Andrey Bogdanov and
                 Atul Luykx and
                 Florian Mendel and
                 Bart Mennink and
                 Nicky Mouha and
                 Qingju Wang and
                 Kan Yasuda},
    title     = {{PRIMATEs} v1.02},
    year      = 2014,
    howpublished = "Submission to the CAESAR competition",
}

@Misc{SHA3:grostl,
    author    = {Praveen Gauravaram and
                 Lars R. Knudsen and
                 Krystian Matusiewicz and
                 Florian Mendel and
                 Christian Rechberger and
                 Martin Schl{\"a}ffer and
                 S{\o}ren S. Thomsen},
    title     = {Gr{\o}stl -- a {SHA}-3 candidate},
    howpublished = {Submitted to SHA-3},
}

@Article{MM:Wardlaw94,
    author    = {William P. Wardlaw},
    title     = {Matrix Representation of Finite Fields},
    journal   = {Mathematics Magazine},
    volume    = 67,
    number    = 4,
    pages     = {289--293},
    publisher = {Mathematical Association of America},
    year      = 1994,
    issn      = {0025570X, 19300980},
}

@Misc{SBSEG:FilBarRij06,
    author    = {D{\'e}cio Luiz Gazzoni Filho and
                 Paulo S L M Barreto and
                 Vincent Rijmen},
    title     = {The \textsc{Maelstrom-0} Hash Function},
    year      = 2006,
}

@Article{CL:LacFim04,
    author    = {J{\'e}r{\^o}me Lacan and
                 J{\'e}r{\^o}me Fimes},
    title     = {Systematic {MDS} erasure codes based on {V}andermonde matrices},
    journal   = {{IEEE} Communications Letters},
    volume    = 8,
    number    = 9,
    pages     = {570--572},
    year      = 2004,
    doi       = {10.1109/LCOMM.2004.833807},
}

@Article{IJNSEC:NakAbr09,
    author    = {Jorge Nakahara Jr. and
                 {\'E}lcio Abrah{\~a}o},
    title     = {A New Involutory {MDS} Matrix for the {AES}},
    journal   = {I. J. Network Security},
    volume    = 9,
    number    = 2,
    pages     = {109--116},
    year      = 2009,
    url       = {http://ijns.femto.com.tw/contents/ijns-v9-n2/ijns-2009-v9-n2-p109-116.pdf},
}

@InProceedings{SAT:FuhSch10,
    author    = {Carsten Fuhs and
                 Peter Schneider{-}Kamp},
    title     = {Synthesizing Shortest Linear Straight-Line Programs over {GF(2)} Using {SAT}},
    booktitle = {{SAT}},
    series    = {LNCS},
    volume    = 6175,
    pages     = {71--84},
    publisher = {Springer},
    year      = 2010,
    doi       = {10.1007/978-3-642-14186-7_8},
}

@InProceedings{ICISC/KKPSSS03,
    author    = {Daesung Kwon and
                 Jaesung Kim and
                 Sangwoo Park and
                 Soo Hak Sung and
                 Yaekwon Sohn and
                 Jung Hwan Song and
                 Yongjin Yeom and
                 E{-}Joong Yoon and
                 Sangjin Lee and
                 Jaewon Lee and
                 Seongtaek Chee and
                 Daewan Han and
                 Jin Hong},
    title     = {New Block Cipher: {ARIA}},
    booktitle = {{ICISC}},
    series    = {LNCS},
    volume    = 2971,
    pages     = {432--445},
    publisher = {Springer},
    year      = 2003,
    doi       = {10.1007/978-3-540-24691-6_32},
}

@Misc{ETRI:BCLOP04,
    title     = {Security and Performance Analysis of {ARIA}},
    author    = {Alex Biryukov and
                 Christophe De Cannie{\'e}re and
                 Joseph Lano and
                 Siddika Berna Ors and
                 Bart Preneel},
    url       = {https://www.esat.kuleuven.be/cosic/publications/article-500.pdf},
    month     = jan,
    year      = 2004,
}

@InProceedings{ISIT:Paar97,
    title     = {Optimized Arithmetic for Reed-Solomon Encoders},
    author    = {Christof Paar},
    booktitle = {ISIT},
    year      = 1997,
    publisher = {IEEE},
    doi       = {10.1109/ISIT.1997.613165},
}

@InProceedings{ISPEC:GupRay14,
    author    = {Kishan Chand Gupta and
                 Indranil Ghosh Ray},
    title     = {On Constructions of Circulant {MDS} Matrices for Lightweight Cryptography},
    booktitle = {{ISPEC}},
    series    = {LNCS},
    volume    = 8434,
    pages     = {564--576},
    publisher = {Springer},
    year      = 2014,
}

@InProceedings{MFCS:BoyMatPer08,
    author    = {Joan Boyar and
                 Philip Matthews and
                 Ren{\'e} Peralta},
    title     = {On the Shortest Linear Straight-Line Program for Computing Linear Forms},
    booktitle = {{MFCS} 2008},
    series    = {LNCS},
    volume    = 5162,
    pages     = {168--179},
    year      = 2008,
    doi       = {10.1007/978-3-540-85238-4_13},
}

@InProceedings{SEA:BoyPer10,
    author    = {Joan Boyar and
                 Ren{\'e} Peralta},
    title     = {A New Combinational Logic Minimization Technique with Applications to Cryptology},
    booktitle = {{SEA} 2010},
    series    = {LNCS},
    volume    = 6049,
    pages     = {178--189},
    year      = 2010,
    doi       = {10.1007/978-3-642-13193-6_16},
}

@Book{error_correcting_codes,
    title     = "The theory of Error-Correcting Codes",
    author    = "MacWilliams, Florence Jessie and Sloane, Neil James Alexander",
    publisher = "North-Holland Publishing Company",
    year      = 1977,
}

@Article{Segre1955,
    author    = "Segre, Beniamino",
    title     = "Curve razionali normali ek-archi negli spazi finiti",
    journal   = "Annali di Matematica Pura ed Applicata",
    year      = 1955,
    month     = dec,
    volume    = 39,
    number    = 1,
    pages     = "357--379",
    issn      = "1618-1891",
    doi       = "10.1007/BF02410779",
}

@Misc{BFA:BoyFinPer17,
    author    = {Joan Boyar and
                 Magnus Gausdal Find and
                 Ren{\'e} Peralta},
    title     = {Low-Depth, Low-Size Circuits for Cryptographic Applications},
    howpublished = {{BFA} 2017},
    year      = 2017,
}

@InProceedings{IWIL:FuhSch10,
    author    = {Carsten Fuhs and Peter Schneider-Kamp},
    editor    = {Geoff Sutcliffe and
                 Stephan Schulz and
                 Eugenia Ternovska},
    title     = {Optimizing the {AES} S-Box using {SAT}},
    booktitle = {IWIL@LPAR},
    series    = {EPiC Series in Computing},
    volume    = {2},
    pages     = {64--70},
    publisher = {EasyChair},
    year      = {2010},
}

@InProceedings{SPEEDCC:Ber09,
    author    = {Daniel J. Bernstein},
    title     = {Optimizing linear maps modulo 2},
    booktitle = {Workshop Record of SPEED-CC -- Software Performance Enhancement for Encryption and Decryption and Cryptographic Compilers},
    year      = 2009,
    pages     = {3--18},
}

@Article{CAM:Tezcan14,
    author    = {Cihangir Tezcan},
    title     = {Improbable differential attacks on Present using undisturbed bits},
    journal   = {J. Computational Applied Mathematics},
    volume    = 259,
    pages     = {503--511},
    year      = 2014,
}

@InProceedings{ICISSP:Tezcan16,
    author    = {Cihangir Tezcan},
    title     = {Truncated, Impossible, and Improbable Differential Analysis of {ASCON}},
    editor    = {Olivier Camp and
                 Steven Furnell and
                 Paolo Mori},
    booktitle = {{ICISSP} 2016},
    pages     = {325--332},
    publisher = {SciTePress},
    year      = 2016,
    doi       = {10.5220/0005689903250332},
}

@InProceedings{SIN:TezTasDem14,
    author    = {Cihangir Tezcan and
                 Halil Kemal Taskin and
                 Murat Demircioglu},
    title     = {Improbable Differential Attacks on Serpent using Undisturbed Bits},
    editor    = {Ron Poet and
                 Muttukrishnan Rajarajan},
    booktitle = {{SIN}},
    pages     = 145,
    publisher = {{ACM}},
    year      = 2014,
    doi       = {10.1145/2659651.2659660},
}

@Article{ISCI:LLWG14,
    author    = {Yiyuan Luo and
                 Xuejia Lai and
                 Zhongming Wu and
                 Guang Gong},
    title     = {A unified method for finding impossible differentials of block cipher
                 structures},
    journal   = {Inf. Sci.},
    volume    = 263,
    pages     = {211--220},
    year      = 2014,
    doi       = {10.1016/j.ins.2013.08.051},
}

@inproceedings{Inscrypt:MWGP11,
    author    = {Nicky Mouha and
                 Qingju Wang and
                 Dawu Gu and
                 Bart Preneel},
    title     = {Differential and Linear Cryptanalysis Using Mixed-Integer Linear Programming},
    booktitle = {Inscrypt'11},
    series    = {LNCS},
    volume    = 7537,
    pages     = {57--76},
    publisher = {Springer},
    year      = 2011,
    doi       = {10.1007/978-3-642-34704-7\_5},
}

@InProceedings{ISPEC:BaiLi12,
    author    = {Dongxia Bai and
                 Leibo Li},
    title     = {New Impossible Differential Attacks on Camellia},
    booktitle = {{ISPEC}},
    series    = {LNCS},
    volume    = {7232},
    pages     = {80--96},
    publisher = {Springer},
    year      = 2012,
    doi       = {10.1007/978-3-642-29101-2_6},
}

@Article{IET-IFS/CJZCZ17,
    author    = {Ting Cui and
                 Chenhui Jin and
                 Bin Zhang and
                 Zhuo Chen and
                 Guoshuang Zhang},
    title     = {Searching all truncated impossible differentials in {SPN}},
    journal   = {{IET} Information Security},
    volume    = 11,
    number    = 2,
    pages     = {89--96},
    year      = 2017,
    doi       = {10.1049/iet-ifs.2015.0052},
}

@Article{TIT:TanMai18,
    author    = {Deng Tang and
                 Subhamoy Maitra},
    title     = {Construction of n-Variable $(n \equiv 2 mod 4)$ Balanced Boolean
                 Functions With Maximum Absolute Value in Autocorrelation Spectra $< 2^{n/2}$},
    journal   = {{IEEE} Trans. Information Theory},
    volume    = 64,
    number    = 1,
    pages     = {393--402},
    year      = 2018,
    doi       = {10.1109/TIT.2017.2769092},
}

@Article{TIT:BloCanCha11,
    author    = {C{\'{e}}line Blondeau and
                 Anne Canteaut and
                 Pascale Charpin},
    title     = {Differential Properties of $x \mapsto x^{2^t-1}$},
    journal   = {{IEEE} Trans. Information Theory},
    volume    = 57,
    number    = 12,
    pages     = {8127--8137},
    year      = 2011,
}

@Article{TIT:Carlet08,
    author    = {Claude Carlet},
    journal   = {{IEEE} Transactions on Information Theory},
    title     = {Recursive Lower Bounds on the Nonlinearity Profile of Boolean Functions and Their Applications},
    year      = 2008,
    volume    = 54,
    number    = 3,
    pages     = {1262-1272},
    doi       = {10.1109/TIT.2007.915704},
    ISSN      = {0018-9448},
    month     = mar,
}

@Article{TIT:KavMaiYuc07,
    author    = {Sel{\c{c}}uk Kavut and
                 Subhamoy Maitra and
                 Melek D. Y{\"{u}}cel},
    title     = {Search for Boolean Functions With Excellent Profiles in the Rotation
                 Symmetric Class},
    journal   = {{IEEE} Trans. Information Theory},
    volume    = 53,
    number    = 5,
    pages     = {1743--1751},
    year      = 2007,
    doi       = {10.1109/TIT.2007.894696},
}

@Article{TIT:BCCL06,
    author    = {Thierry P. Berger and
                 Anne Canteaut and
                 Pascale Charpin and
                 Yann Laigle{-}Chapuy},
    title     = {On Almost Perfect Nonlinear Functions Over $\mathbf{F}_2^n$},
    journal   = {{IEEE} Trans. Information Theory},
    volume    = 52,
    number    = 9,
    pages     = {4160--4170},
    year      = 2006,
}

@Article{TIT:CanVid05,
  author    = {Anne Canteaut and
               Marion Videau},
  title     = {Symmetric Boolean functions},
  journal   = {{IEEE} Trans. Information Theory},
  volume    = {51},
  number    = {8},
  pages     = {2791--2811},
  year      = 2005,
  doi       = {10.1109/TIT.2005.851743},
}

@Article{TIT:CanCha03,
  author    = {Anne Canteaut and
               Pascale Charpin},
  title     = {Decomposing bent functions},
  journal   = {{IEEE} Trans. Information Theory},
  volume    = 49,
  number    = 8,
  pages     = {2004--2019},
  year      = 2003,
}

@Article{TIT:MaiSar02,
    author    = {Subhamoy Maitra and
                 Palash Sarkar},
    title     = {Modifications of Patterson-Wiedemann functions for cryptographic applications},
    journal   = {{IEEE} Trans. Information Theory},
    volume    = 48,
    number    = 1,
    pages     = {278--284},
    year      = 2002,
    doi       = {10.1109/18.971756},
}

@Article{TIT:BlaRot99,
    author    = {Mario Blaum and
                 Ron M. Roth},
    title     = {On Lowest Density {MDS} Codes},
    journal   = {{IEEE} Trans. Information Theory},
    volume    = 45,
    number    = 1,
    pages     = {46--59},
    year      = 1999,
}

@InProceedings{WAIFI:LeaPos07,
    author    = {Gregor Leander and
                 Axel Poschmann},
    editor    = {Claude Carlet and
                 Berk Sunar},
    title     = {{On the Classification of 4 Bit S-Boxes}},
    booktitle = {{WAIFI'07}},
    series    = {LNCS},
    volume    = 4547,
    pages     = {159--176},
    publisher = {Springer, Heidelberg},
    month     = jun,
    year      = 2007,
    doi       = {10.1007/978-3-540-73074-3_13},
}

@Misc{keccak,
    author    = {Guido Bertoni and
                 Joan Daemen and
                 Micha{\"e}l Peeters and
                 Gilles Van Assche},
    title     = {The {Keccak} reference},
    month     = jan,
    year      = 2011,
    note      = {Available at \url{http://keccak.noekeon.org/}},
}

@Misc{keccak2,
    author    = {Guido Bertoni and
                 Joan Daemen and
                 Micha{\"e}l Peeters and
                 Gilles {Van Assche}},
    title     = {Note on zero-sum distinguishers of Keccak-f},
    note      = {\url{http://keccak.noekeon.org/NoteZeroSum.pdf}}
}

@Misc{AES:deal,
    author    = "Lars Knudsen",
    title     = "{DEAL} - A 128-bit Block Cipher",
    howpublished = {AES Submission},
    year      = 1998,
}

@Misc{CAESAR:ascon,
    author    = {Dobraunig, Christoph and
                 Eichlseder, Maria and
                 Mendel, Florian and
                 Schl{\"a}ffer, Martin},
    title     = {Ascon v1. 2},
    howpublished = {Submission to the CAESAR Competition},
    year      = 2016,
    note      = "Available at \url{http://ascon.iaik.tugraz.at/files/asconv12.pdf}"
}

@InProceedings{RFID:GonNikLaw11,
    author    = "Zheng Gong and
                 Svetla Nikova and
                 Yee Wei Law",
    title     = "{KLEIN}: A new family of lightweight block ciphers",
    editor    = "Ari Juels and
                 Christof Paar",
    booktitle = "RFIDSec'11",
    pages     = "1--18",
    volume    = 7055,
    publisher = "Springer, Heidelberg",
    series    = "LNCS",
    year      = 2011,
}

@Misc{AES:BihKel00,
    author    = "Eli Biham and
                 Nathan Keller",
    title     = "Cryptanalysis of reduced variants of {RIJNDAEL}",
    year      = 2000,
    howpublished = "AES Round 2, Conference 3",
    note      = "Available at \url{http://csrc.nist.gov/archive/aes/round2/conf3/papers/35-ebiham.pdf}"
}

@Article{IET:BahAre08,
    author    = {Behnam Bahrak and
                 Mohammad Reza Aref},
    title     = {Impossible differential attack on seven-round {AES-128}},
    journal   = {{IET} Information Security},
    volume    = 2,
    number    = 2,
    pages     = {28--32},
    year      = 2008,
    doi       = {10.1049/iet-ifs:20070078},
}

@Misc{AES:BihKel01,
    author    = {Eli Biham and
                 Nathan Keller},
    title     = {Cryptanalysis of Reduced Variants of Rijndael},
    year      = 2001,
    note      = {\url{http://csrc.nist.gov/archive/aes/round2/conf3/papers/35-ebiham.pdf}}
}

@InProceedings{AES:LSWD04,
    author    = {Tri Van Le and
                 R{\"u}diger Sparr and
                 Ralph Wernsdorf and
                 Yvo Desmedt},
    title     = {Complementation-Like and Cyclic Properties of {AES} Round Functions},
    booktitle = {Advanced Encryption Standard - AES, 4th International Conference},
    pages     = {128--141},
    year      = 2004,
    series    = {LNCS},
    volume    = 3373,
}

@Article{JACM:CanGolHal04,
    author    = {Ran Canetti and
                 Oded Goldreich and
                 Shai Halevi},
    title     = {The random oracle methodology, revisited},
    journal   = {J. {ACM}},
    volume    = 51,
    number    = 4,
    pages     = {557--594},
    year      = 2004,
    doi       = {10.1145/1008731.1008734},
}

@Article{FF:ChaHelZin07,
    author    = {Pascale Charpin and
                 Tor Helleseth and
                 Victor A. Zinoviev},
    title     = {Propagation characteristics of $x \mapsto x^{-1}$ and Kloosterman sums},
    journal   = {Finite Fields and Their Applications},
    volume    = 13,
    number    = 2,
    pages     = {366--381},
    year      = 2007,
    doi       = {10.1016/j.ffa.2005.08.007},
}

@Article{SMD:Sidelnikov71,
    author    = {V. M. Sidelnikov},
    title     = {On the mutual correlation of sequences},
    journal   = {Soviet Mathematics Doklad},
    volume    = 12,
    pages     = {197--201},
    year      = 1971,
}

@inproceedings{ISIT:HJMM06,
    author    = {Martin Hell and
                 Thomas Johansson and
                 Alexander Maximov and
                 Willi Meier},
    title     = {A Stream Cipher Proposal: {Grain}-128},
    booktitle = {{ISIT}},
    pages     = {1614--1618},
    publisher = {{IEEE}},
    year      = 2006,
    doi       = {10.1109/ISIT.2006.261549},
}

@article{IS:SunWu09,
    author = "Guanghong Sun and Chuankun Wu",
    title = "The lower bounds on the second order nonlinearity of three classes of Boolean functions with high nonlinearity",
    journal = "Information Sciences",
    volume = "179",
    number = 3,
    pages = "267--278",
    year = 2009,
    issn = "0020-0255",
    doi = {10.1016/j.ins.2008.10.002},
}

@article{IJCSIT:Singh11,
    author = "Deep Singh",
    title = "Second Order Nonlinearities of Some Classes of Cubic Boolean Functions Based on Secondary Constructions",
    journal = "International Journal of Computer Science and Information Technologies",
    volume = 2,
    number = 2,
    pages = "768--791",
    year = 2011,
}

@inproceedings{LIGHTSEC:TezOzb14,
    author    = {Cihangir Tezcan and
                 Ferruh {\"{O}}zbudak},
    title     = {Differential Factors: Improved Attacks on {SERPENT}},
    booktitle = {LightSec},
    series    = {LNCS},
    volume    = 8898,
    pages     = {69--84},
    publisher = {Springer},
    year      = 2014,
    doi       = {10.1007/978-3-319-16363-5\_5},
}

@inproceedings{INSCRYPT:ACDFP10,
    author    = {Martin R. Albrecht and
                 Carlos Cid and
                 Thomas Dullien and
                 Jean{-}Charles Faug{\`{e}}re and
                 Ludovic Perret},
    title     = {Algebraic Precomputations in Differential and Integral Cryptanalysis},
    booktitle = {Inscrypt},
    series    = {LNCS},
    volume    = 6584,
    pages     = {387--403},
    publisher = {Springer},
    year      = 2010,
    doi       = {10.1007/978-3-642-21518-6\_27},
}
